@misc{worldbankWorldBank,
	author = {},
	title = {{W}orld {B}ank {C}ountry and {L}ending {G}roups --2013; {W}orld {B}ank {D}ata {H}elp {D}esk --- datahelpdesk.worldbank.org},
	howpublished = {\url{https://datahelpdesk.worldbank.org/knowledgebase/articles/906519-world-bank-country-and-lending-groups}},
	year = {},
	note = {[Accessed 22-08-2025]},
}

@article{Brundel2022,
  title = {Atrial fibrillation},
  volume = {8},
  ISSN = {2056-676X},
  url = {http://dx.doi.org/10.1038/s41572-022-00347-9},
  DOI = {10.1038/s41572-022-00347-9},
  number = {1},
  journal = {Nature Reviews Disease Primers},
  publisher = {Springer Science and Business Media LLC},
  author = {Brundel,  Bianca J. J. M. and Ai,  Xun and Hills,  Mellanie True and Kuipers,  Myrthe F. and Lip,  Gregory Y. H. and de Groot,  Natasja M. S.},
  year = {2022},
  month = apr 
}

